2384 4075
1098 211 1570 332 ...χρ-..ζ

500 461 726 532 rebus
785 458 879 531 ad
936 459 1416 554 religionem·
1445 460 1991 556 pertinentibus
2043 481 2182 554 per

499 576 734 632 totam
765 562 1140 651 Europam
1180 577 1562 656 regnaret,
1605 559 1981 653 quomodo
2010 581 2182 652 pro-

498 662 827 731 videntia
875 662 1121 729 divina
1169 666 1418 730 omnia
1477 665 1582 732 ita
1640 663 2176 745 moderaretur,

498 777 588 832 ut
639 775 808 852 post
838 761 1084 829 finitas
1116 762 1624 851 expeditiones
1667 763 2046 844 cruciatae,
2103 774 2188 830 et·

492 863 842 953 inprimis
884 862 1133 929 seculo
1171 862 1411 948 XVto‚
1470 861 1710 932 multa
1759 862 2185 931 acciderent

501 973 663 1053 19),
735 983 899 1051 quae
950 960 1483 1031 admeliorem
1534 962 1914 1057 cogitandi
1956 961 2183 1028 ratio-

493 1086 713 1146 nem,
782 1061 876 1129 ad
922 1060 1380 1128 liberaliores
1423 1062 1515 1129 de
1565 1062 1789 1130 rebus
1844 1058 2183 1133 ecclefia-

492 1165 684 1234 sticis
714 1162 956 1243 ideas,
1013 1160 1393 1253 igiturque
1428 1161 1520 1230 ad
1570 1162 2186 1230 reformationem

489 1267 574 1334 in
604 1259 901 1331 ecclesia
917 1259 1310 1329 christiana
1331 1262 1940 1349 promovendam,
1958 1259 2181 1353 infig-

406 1359 413 1363 ’
491 1385 670 1432 nem
688 1364 838 1428 vim
863 1360 1250 1427 haberent.
1311 1360 1645 1449 Quarum
1674 1382 1926 1446 rerum
1959 1360 2184 1428 effec-

490 1478 612 1532 tus
642 1482 775 1551 per
809 1472 1043 1526 totam
1076 1459 1452 1550 Europam
1483 1462 1634 1530 sese
1661 1460 2177 1539 ostenderant;

487 1586 628 1633 nec
662 1560 809 1629 fuit
845 1562 1082 1650 patria
1124 1573 1370 1627 nostra
1410 1560 1969 1631 commodorum
2003 1559 2185 1627 hinc

489 1662 975 1730 oriundorum
1009 1679 1289 1748 expers.
1366 1663 1714 1751 Inprimis
1736 1674 1983 1730 autem
2007 1659 2181 1729 doc-

486 1764 680 1848 trina
717 1757 961 1828 Husfii
1014 1761 1096 1826 in
1154 1759 1365 1827 terris
1409 1762 1611 1828 hisce
1647 1760 2183 1850 septentriona-

484 1864 683 1932 libus
725 1872 801 1927 et
841 1860 1255 1950 praesertim
1299 1860 1382 1927 in
1420 1861 1658 1931 Dania
1701 1872 1880 1928 nota
1913 1871 2072 1927 erat
2102 1870 2186 1924 et

484 1977 641 2032 tam
691 1959 837 2029 alte
889 1960 1179 2030 radices
1226 1962 1380 2049 jam
1417 1974 1695 2055 egerat,
1748 1973 1833 2027 ut
1876 1959 2183 2029 liberior

520 2114 610 2182 ¹9)
660 2111 924 2165 Schisma
975 2125 1252 2179 magnum
1311 2107 1471 2163 inter
1530 2127 1710 2179 papas
1765 2113 2058 2164 Romanos
2120 2121 2185 2164 et

558 2264 561 2271 ι
633 2200 1055 2257 Avenionenl'es
1087 2200 1472 2273 (5¹73·¹4²7)²
1511 2202 1667 2269 quod
1693 2202 2181 2255 existimationem

624 2293 979 2366 populorum
1017 2280 1292 2364 de⁸papis
1325 2302 1606 2361 tanquam
1629 2292 2057 2348 infallibilibus
2083 2309 2182 2347 ec·

628 2385 817 2439 clefiae
859 2385 1184 2437 rectoribus
1240 2384 1409 2436 valde
1465 2385 1760 2454 fregerat3
1823 2396 2183 2453 occupatum

623 2495 732 2550 per
775 2478 999 2529 Tur-eas
1039 2476 1358 2543 imperium
1393 2475 1684 2530 orientale
1716 2474 2181 2542 (sec.X1‘V·XV),

621 2588 737 2642 quo
776 2575 1064 2637 occupato
1104 2566 1282 2620 multi
1332 2566 1487 2621 docti
1537 2567 1651 2620 viri
1694 2568 1886 2621 coacti
1921 2568 2183 2641 patriam

620 2671 848 2714 terram
887 2657 1274 2730 deseruerunt
1317 2667 1378 2710 et
1419 2657 1483 2711 in
1538 2660 1775 2713 Italiam
1825 2661 2182 2730 migrarunt,

620 2751 777 2804 unde
812 2750 916 2802 lux
955 2728 1339 2804 scientiarum
1375 2767 1481 2822 per
1518 2761 1706 2804 totam
1748 2754 2184 2822 Europam'opo

616 2840 893 2911 inprimis
945 2840 1360 2910 typographiae
1425 2846 1618 2913 sparsa
1659 2855 1784 2906 ειη
1855 2861 1947 2895 ars
2007 2853 2184 2914 typo·

512 2992 517 2997 ¹
615 2931 898 3001 graphica
940 2931 1078 2983 circ.
1121 2921 1178 2984 a:
1219 2946 1351 3000 1444
1401 2933 1774 3002 Argentorati
1830 2944 1889 2985 et
1923 2935 2180 3008 Mogun-

618 3022 756 3075 tiaci
784 3021 1041 3082 inventa,
1087 3039 1204 3090 qua
1239 3024 1671 3077 incrementum
1707 3014 1975 3076 idearum
2012 3025 2177 3079 ideo-

614 3129 728 3184 que
777 3114 1015 3166 cultura
1059 3113 1241 3166 animi
1284 3113 1344 3166 in
1389 3116 1726 3168 universum
1768 3131 1944 3184 quam
1981 3115 2180 3186 pluri-

612 3220 778 3256 mum
795 3203 1000 3272 adjuta
1024 3207 1131 3269 est3
1173 3207 1380 3276 purior
1400 3205 1953 3275 deniquedoetrina,
1998 3225 2178 3276 quarn

611 3294 951 3361 Wicklifus‚
992 3308 1051 3352 et
1091 3308 1225 3370 post
1264 3313 1405 3351 eum
1442 3297 1732 3351 lohannes
1767 3299 2009 3351 Huslius
2050 3310 2175 3351 tra-

610 3385 901 3449 didm-ant,
940 3407 1071 3458 qun
1100 3388 1400 3440 meliorem
1443 3387 1514 3440 de
1552 3389 1730 3445 rebus
1764 3387 1980 3443 divinit
2014 3389 2176 3458 judi-

607 3479 781 3534 candi
822 3480 1109 3534 rationem
1146 3479 1443 3536 effecerat.
