2384 4075
1032 367 1047 384 .
1331 361 1334 368 .

444 499 706 559 corum
752 475 1190 568 explerent,
1251 478 1651 548 conciones
1695 478 1930 548 etiam
1990 489 2170 550 rare.

433 594 526 648 et
567 578 796 649 modo
826 579 1024 649 inter
1055 579 1256 647 sacra
1283 575 1823 668 'pomeridiana
1871 579 2163 650 habere

443 679 746 749 solitum
774 692 953 750 erat.
1060 677 1123 745 E
1161 677 1543 748 coenobiis
1573 691 1827 766 autem
1855 679 2164 767 jamdu-

447 780 634 850 dum
697 779 1150 875 migraverat
1202 781 1446 848 omnis
1496 779 1946 848 verecundia
1992 801 2186 855 mo-,

318 913 325 918 ·
442 901 769 970 rumque
803 879 1186 958 honestas3
1227 878 1529 949 lascivia
1545 901 1724 947 vero
1755 894 1982 970 atque
2018 881 2165 951 he-

444 982 684 1058 luatio
730 979 842 1049 ibi
884 982 987 1048 ita
1034 979 1437 1077 regnabat,
1511 992 1598 1047 ut
1652 979 1884 1050 etiam
1941 993 2159 1054 extra

445 1079 810 1153 coenobia
843 1080 1312 1171 spargeretur
1346 1079 1439 1147 de
1501 1082 2164 1171 corruptismona-

448 1184 768 1254 chorum
825 1181 1163 1249 moribus
1228 1180 1447 1248 fama.
1584 1181 1921 1251 Ostendit
1986 1204 2162 1273 por·-

448 1304 574 1368 ro,
661 1282 937 1350 horum
1017 1280 1382 1348 scelerum
1464 1283 1996 1375 contagionem
2062 1282 2165 1351 ad

447 1395 712 1477 gentes
764 1402 1066 1481 quoque
1119 1379 1497 1464 manasse,
1581 1383 1924 1474 inprimis
1977 1402 2164 1451 cum

446 1483 957 1576 indulgentias
1010 1482 1330 1550 emendo
1383 1480 1634 1549 omnia
1685 1481 2162 1575 flagitia-ex-

448 1588 656 1675 piare
704 1583 915 1673 posse
970 1581 1399 1681 crederent3
1488 1603 1639 1670 quo
1683 1583 1967 1662 factum
2000 1596 2157 1666 est,

451 1696 541 1754 ut
575 1684 806 1751 etiam
841 1684 1434 1776 peregrinatores
1468 1683 1789 1776 religioli
1811 1729 1831 1767 ,
1886 1685 2014 1771 qui
2050 1682 2162 1751 [a-

451 1783 764 1855 cra'loca
802 1781 1180 1849 vifitatum
1212 1784 1452 1866 ibant,
1506 1783 1695 1873 saepe
1728 1784 1925 1852 mala
1944 1803 2163 1871 ‘quee-

451 1885 628 1952 dam
676 1893 1078 1971 patrarent.
1131 1914 1235 1935 --
1285 1881 1512 1950 Haud
1577 1884 1795 1951 aliter
1843 1884 2163 1954 Moshe-

447 1983 646 2052 mius
687 1981 864 2070 160)
899 1994 1143 2053 mores
1177 1979 1833 2061 ecclesiasticorum
1862 1983 1954 2052 de
1989 1987 2160 2075 pin.-

448 2086 584 2181 git.
682 2079 709 2153 '.
743 2079 1335 2175 ''Episcoporum
1403 2081 1784 2173 plerique,
1861 2080 2160 2174 inquit,

453 2207 627 2256 cum
668 2185 1043 2254 canonicis
1074 2184 1312 2251 vitam
1340 2184 1546 2253 laute
1585 2187 1643 2252 Bt
1678 2185 2018 2254 hilariter
2043 2187 2159 2255 ine-

449 2300 569 2365 ter
600 2284 1033 2374 quotidiana
1056 2290 1374 2373 'peccata
1406 2285 1970 2371 consumebant,
1998 2287 2163 2376 opi·

449 2378 742 2474 busque
802 2407 843 2453 a
910 2385 1319 2472 majoribus
1390 2387 1559 2455 Deo
1617 2389 1676 2453 8c
1729 2388 2163 2477 pauperum

452 2483 865 2554 commodis
896 2485 1184 2568 dicatiS,
1241 2484 1333 2552 ad
1364 2482 1768 2574 explendas
1801 2470 2162 2556 libidines

448 2588 614 2656 [uas
649 2584 1177 2654 abutebantur.
1215 2666 1224 2671 q
1283 2584 1632 2673 Plerique
1664 2587 1893 2654 etiam
1928 2587 2159 2682 longe

450 2685 710 2756 durius
767 2689 824 2751 &a
881 2686 1206 2773 asperius
1251 2685 1668 2754 tractabant
1698 2686 2044 2755 homines
2077 2691 2163 2756 in.

452 2786 846 2855 dominatu
892 2785 1022 2852 [uo
1055 2787 1414 2875 viventes,
1446 2805 1672 2873 quam
1706 2787 1959 2855 civiles
1985 2798 2167 2877 *mas

449 2886 793 2983 gistratus
832 2886 889 2951 δε
925 2886 1322 2975 principes.
1389 2885 1890 2956 'sacerdotum
1924 2887 2160 2957 maxi-

368 3053 375 3057 ,
447 3004 773 3079 ma‘pars
805 2985 899 3051 ob
922 2986 1355 3070 socordiam,
1387 2987 1959 3081 impudicitiam,
1988 3010 2159 3058 ava·

446 3087 746 3172 titiam,
824 3086 907 3154 8:
944 3087 1445 3182 ignorantiam
1492 3108 1648 3158 non
1693 3084 2158 3178 sapientibus

445 3201 749 3259 tanturn
783 3189 841 3254 &
878 3185 1094 3255 bonis
1126 3186 1252 3254 sed
1284 3184 1416 3281 ipsi
1452 3208 1753 3279 quoque
1786 3186 1995 3279 plebi
2031 3213 2159 3257 ve-

444 3287 847 3360 hementer
931 3286 1322 3379 iordebau
1426 3288 1721 3356 venalia
1792 3302 2157 3379 praeterea

450 3410 625 3463 cum
679 3390 922 3467 essent,
975 3390 1173 3459 sacra
1240 3407 1581 3476 munera,
1638 3387 1960 3475 difficile,
1999 3402 2161 3461 erat
2195 3478 2214 3495 .

342 3658 345 3661 ,
444 3550 453 3560 ἱ
490 3594 615 3660 160)
651 3560 803 3653 Hist.
845 3598 991 3655 eccl.
1022 3615 1085 3677 p.
1127 3599 1250 3665 650.
1341 3646 1346 3657 ,
