2384 4075
808 269 1290 371 ...49-

189 490 421 559 etiam
458 483 754 558 feneum
790 488 1169 579 quendam
1211 489 1617 561 sodalitatis
1647 489 1912 583 (esprit

188 591 287 660 de
343 597 590 681 corps)
644 591 1045 675 aluerant,·
1091 593 1322 681 idque
1378 606 1587 660 tanto
1640 595 1913 687 tnagi8‚¹

189 713 367 762 cum
416 690 532 757 hae
580 688 1037 774 sodalitateS‚
1101 692 1381 760 divitiis
1430 689 1776 785 infignes,
1834 706 1911 762 et
1962 745 1966 750 .

165 791 534 882 -inprimis
569 813 704 875 eae,
764 813 930 879 quae
970 794 1195 886 regiae
1236 792 1722 881 dicebantur,'
1759 796 1909 883 pri-

160 892 488 985 'vilegiis
550 914 632 959 ac
692 891 987 978 iuribus
1051 889 1569 984 praestantibus
1627 894 1910 987 gande·

187 1005 378 1062 rent·
480 991 598 1061 ld
645 991 913 1060 saltem
960 994 1280 1078 constat,
1339 993 1627 1062 civibus
1679 995 1911 1066 animi

190 1096 535 1188 vigorem
592 1104 667 1159 et
728 1076 981 1161 sensus
1033 1095 1271 1162 elatos
1322 1095 1585 1179 fuisse,
1646 1116 1907 1183 quam-

195 1194 490 1262 obrem
510 1194 844 1260 maximo
899 1194 1160 1264 ardore
1214 1197 1596 1287 puriorem
1646 1195 1911 1264 (1οᾶτί-

192 1315 371 1364 narn
415 1292 585 1360 sunt
620 1294 990 1383 amplexi,
1079 1315 1246 1383 quae
1281 1295 1633 1380 vicissim,
1727 1294 1914 1383 quid

84 1479 95 1486 ι
195 1394 504 1464 efficere
535 1392 761 1485 possit
785 1439 804 1477 ‚
860 1396 941 1462 in
976 1396 1267 1463 civibus
1297 1396 1652 1484 praeclaro
1685 1395 1913 1463 modo

194 1493 543 1563 ostendit.
652 1494 1135 1586 Quantopere
1156 1497 1361 1562 enim
1382 1495 1561 1563 ordo
1602 1496 1912 1581 civium,

193 1598 278 1666 in
314 1591 664 1663 omnibus
699 1596 937 1687 terriS,
993 1595 1127 1662 ubi
1177 1595 1611 1690 evangelica
1647 1595 1917 1694 dotsslri·⁴
1943 1597 1964 1608 “

193 1688 297 1766 na
319 1694 744 1763 introdutsta
785 1708 1012 1783 atque
1040 1695 1338 1764 firmata
1363 1710 1547 1781 est,
1571 1718 1710 1787 per
1747 1717 1920 1788 earn

197 1793 295 1866 fit
315 1796 632 1882 evetstuS,
671 1797 811 1863 nisi
832 1797 982 1886 ipse
1005 1795 1203 1866 hanc
1226 1819 1388 1867 rem
1408 1795 1913 1889 comperisseS,

195 1898 329 1966 vix
387 1896 724 1965 crederes
762 1900 926 1986 75).
1028 1898 1206 1967 Nec
1237 1900 1617 1967 immerito
1668 1902 1917 1991 perio*

128 1999 136 2005 ’
199 1996 368 2081 dus,
422 1997 744 2087 spatium
778 1999 1010 2065 trium
1045 1999 1204 2066 fere
1239 1999 1667 2068 seculorum
1713 2020 1917 2069 com·

196 2099 574 2193 Ρὶθόὶεηε,
649 2121 692 2166 a
731 2086 1263 2167 reformatione
1315 2100 1635 2167 Lutheri
1679 2099 1770 2167 ad
1802 2121 1918 2166 re·

198 2199 710 2282 volutionem,
768 2220 998 2288 quam
1026 2198 1327 2283 dicunt,
1380 2200 1681 2270 franco·
1705 2199 1921 2294 galli·

204 2323 377 2373 carn
413 2301 613 2391 apud
653 2310 991 2367 auctores
1030 2300 1396 2388 quosdam
1444 2299 1840 2367 historicos
1879 2321 1921 2369 a

204 2403 491 2481 civium
518 2399 777 2468 ordine
798 2421 1082 2468 nomen
1124 2400 1360 2483 duxit,
1404 2402 1683 2490 quippe
1714 2380 1925 2486 quod

204 2503 431 2586 civeS,
488 2488 776 2582 summa
826 2502 1108 2592 pietate
1147 2514 1225 2567 et
1263 2501 1411 2569 Dei
1458 2502 1919 2591 reverentia,

204 2622 514 2670 morum
544 2602 1020 2694 integritate,
1072 2600 1459 2701 religionis
1513 2614 1739 2691 atque
1787 2598 1923 2670 sci-

206 2705 586 2771 entiarum
624 2722 874 2789 amore
918 2694 1273 2795 fingulari
1322 2702 1548 2769 modo
1583 2703 1923 2770 eminue-

205 2805 404 2887 rint,
477 2803 582 2872 ita
634 2814 722 2868 ut
767 2821 859 2868 ex
895 2815 1157 2869 eorum
1212 2801 1471 2870 ordine
1507 2824 1779 2896 magna
1833 2818 1926 2867 ex
1972 2837 1978 2844 ·

204 2918 426 2996 parte
479 2904 749 2993 optimi
803 2915 881 2968 et
927 2902 1257 2970 melioris
1288 2903 1523 2997 frugis
1560 2905 1698 2972 viri
1753 2921 1925 2968 exo-

150 3050 155 3055 ·
206 3007 583 3094 rirentur,
641 3023 964 3093 quorum
1018 3006 1529 3093 maximopere
1581 3004 1931 3073 interfuit

252 3187 347 3254 73)
387 3182 602 3253 Opere
667 3183 932 3256 pretium
988 3183 1147 3236 foret
1210 3181 1713 3252 comparationem
1767 3179 1929 3234 inter

362 3276 575 3328 statum
614 3254 837 3329 civium
873 3277 935 3327 in
975 3275 1171 3345 patria
1229 3284 1290 3326 et
1342 3275 1407 3325 in
1444 3272 1580 3327 aliis
1617 3272 1796 3333 terris
1835 3273 1931 3326 in-

356 3367 576 3436 primis
634 3368 961 3433 Germania
1012 3366 1296 3429 borealis
1338 3364 1531 3434 qualis
1590 3364 1770 3419 initio
1815 3367 1926 3420 tec.

352 3442 508 3510 'XVI
538 3461 736 3522 esset,
793 3459 1124 3517 instituere.
1172 3496 1185 3507 .
1219 3460 1370 3512 Cum
1428 3470 1629 3513 autem
1677 3458 1805 3510 haec
1838 3475 1931 3510 res

373 3550 619 3619 longius
680 3567 784 3604 nos
836 3553 910 3604 ab
967 3549 1197 3621 incepto
1251 3550 1605 3629 abduceret,
1658 3549 1733 3604 ad
1768 3549 1933 3604 aliud

376 3651 615 3713 tempu·
657 3659 788 3711 eam
825 3622 1171 3697 differ-imnis.
1259 3650 1265 3657 ·
