2384 4075
844 273 1333 369 *97*

217 508 372 580 per
417 486 811 557 severum
854 491 1298 579 redtumque
1348 486 1500 575 el’t‚·
1544 487 1950 560 ducuntur.

221 593 405 661 Deo
475 610 653 657 vero
719 590 1157 679 providente
1236 593 1293 657 Sc
1354 589 1790 659 moderante
1850 591 1953 661 fic

125 775 131 780 .
226 691 471 758 etiam
522 691 775 759 omnia
831 691 923 759 ad
977 692 1173 760 bona
1220 692 1730 781 promovenda
1776 711 1954 761 con-

224 790 519 875 ferunt,
577 793 637 858 δι
689 812 855 879 quae
901 790 1248 860 homines
1289 794 1538 864 minus
1583 793 1780 860 redte
1828 812 1957 860 co-

227 892 483 986 gitant
515 891 640 958 vel
678 904 939 987 agunt,
984 889 1243 973 tamen
1278 892 1778 961 vel-universo
1808 888 1954 960 hu·
2043 906 2049 912 ’

226 1012 464 1060 mano
496 994 754 1085 generi
790 992 909 1060 vel
949 993 1259 1087 lingulis
1286 992 1723 1061 hominibus
1751 1014 1954 1060 com-

227 1092 464 1163 modo
502 1092 855 1162 evadunt
935 1096 1276 1179 ScimuS,
1310 1114 1538 1183 quam
1572 1093 1955 1162 salutifera

227 1194 762 1287 propagationi
822 1194 1209 1289 religionis
1243 1193 1705 1263 christianae
1723 1195 1958 1262 fuerit

228 1293 701 1363 Constantini
739 1295 1008 1388 Magni
1042 1298 1133 1364 ad
1154 1317 1321 1363 eam
1355 1295 1717 1379 transitio,
1769 1294 1957 1363 licet

228 1394 397 1485 ipse
423 1393 593 1463 solis
627 1397 1044 1464 rationibus
1065 1375 1478 1465 Christiano
1513 1395 1758 1490 dignis
1788 1416 1953 1463 mo-

229 1507 357 1574 tus
396 1494 473 1564 id
507 1497 632 1562 vix
663 1496 950 1564 fecerit.
1055 1498 1338 1563 Verum
1376 1516 1552 1563 cum
1590 1496 1951 1563 reforma-

230 1594 461 1664 tionis
509 1594 791 1664 semina
847 1596 1053 1685 apud
1111 1617 1248 1686 nos
1303 1611 1603 1684 quoque
1654 1596 1951 1687 sparge-

230 1709 524 1779 rentur,
578 1694 658 1763 id
691 1696 1084 1765 commode
1128 1696 1425 1786 accidit,
1463 1708 1552 1764 ut
1583 1716 1674 1762 ex
1703 1708 1950 1763 muta-

234 1808 317 1863 to
350 1795 731 1889 religionis
780 1798 836 1862 xc
868 1795 1192 1864 eccleliae
1226 1795 1422 1865 statu
1464 1796 1725 1865 mul'tae
1764 1818 1951 1888 pen-

237 1896 504 1966 derent
543 1895 933 1984 utilitateS,
991 1896 1263 1986 quibus
1311 1898 1591 1986 absque
1641 1898 1949 1966 ullo‘re-

236 1995 537 2091 ligionis
571 1997 998 2088 veritatisve
1037 1997 1518 2082 detrimentO,
1558 1997 1795 2066 salva
1780 1998 1950 2087 pie·

233 2110 433 2182 tate,
491 2080 945 2197 complures
964 2099 1114 2167 frui
1170 2099 1508 2188 possent.
1584 2110 1950 2187 praeterea

237 2200 470 2267 etiam
521 2212 820 2283 erant,
844 2200 977 2286 qui
1018 2219 1061 2265 e
1112 2210 1406 2266 mutato
1453 2218 1707 2266 rerum
1756 2196 1951 2265 statu

240 2297 603 2388 quaestum
638 2298 863 2368 modo
894 2300 1142 2367 facere
1179 2297 1582 2367 studerent.
1639 2298 1951 2368 Verum

239 2403 300 2467 sc
340 2401 645 2493 regibus
688 2404 746 2467 xc
796 2399 1199 2488 nobilitati,
1257 2402 1315 2466 8c
1352 2397 1860 2487 municipibus
1895 2402 1953 2465 δι
2045 2409 2052 2413 ’

239 2501 837 2589 municipiorum·
860 2498 1434 2593 magistratibuS,
1492 2503 1549 2566 Bc
1582 2497 1789 2587 plebi
1822 2497 1951 2565 de·-

228 2603 468 2688 -nique
492 2600 1005 2668 emolumenta
1035 2599 1379 2689 polliceri
1405 2598 1804 2667 videbatur
1823 2606 1949 2664 're-

237 2701 586 2769 formatio
624 2702 824 2791 apud
856 2721 992 2771 nos
1028 2698 1470 2785 introducite,
1519 2719 1685 2790 quae
1717 2698 1952 2793 igitur

238 2799 570 2870 breviter
601 2800 1010 2885 videamus·

393 2901 730 2995 Regibus
771 2923 1046 2992 nempe
1074 2900 1523 2993 sperandum
1546 2912 1726 2985 erat,
1761 2900 1947 2982 fore,

239 3013 349 3086 ut,
419 3001 782 3093 potestate
837 3000 1319 3073 ecclefiastica
1378 3003 1649 3082 eversa,
1709 3002 1767 3070 Bc
1822 2999 1949 3066 fir-

239 3096 458 3170 mitas
496 3105 708 3217 regni
744 3105 800 3169 sc
835 3102 1137 3194 imperii
1169 3103 1560 3170 auotoritas
1595 3090 1947 3169 stabilire—

242 3212 388 3285 tur,
446 3206 503 3270 δε
547 3202 829 3273 reditus
883 3225 968 3275 ac
1003 3200 1489 3294 possesfiones
1532 3222 1797 3296 regum
1832 3200 1948 3273 in-

243 3299 545 3395 ligniter
600 3317 1074 3399 augerentur.
1176 3306 1385 3374 Bona
1431 3300 1950 3393 episcoporum

242 3403 302 3469 Bc
342 3401 521 3472 cleri
558 3408 787 3476 totius
824 3407 903 3474 in
956 3405 1216 3480 fiscum
1263 3403 1671 3497 redigendo
1701 3404 1958 3495 Reges

244 3502 584 3592 inprimis
617 3507 722 3575 ita
757 3505 1206 3597 locupletari
1241 3504 1438 3595 polle
1474 3502 1947 3586 videbantur,

243 3616 327 3671 ut
377 3625 545 3696 quae
594 3606 950 3676 oneribus
1000 3605 1193 3675 'belli
1253 3604 1565 3694 aliisque
1621 3603 1949 3673 ferendis

1487 3712 1551 3794 7
