2384 4075
885 260 1294 369 *7-

244 484 337 543 ut
404 473 607 538 viam
672 471 764 541 ad
822 493 958 558 *eor
1037 472 1626 564 uniuscuiusque
1693 469 1934 545 hdmi·

245 572 393 654 nis,
446 566 567 644 vel
596 573 931 642 ,maxime
976 572 1385 657 refiftentiS,
1439 575 1575 644 fibi
1621 577 1927 664 aperiat.

255 671 557 759 Quanto
603 673 840 765 magis
890 674 1117 766 igitur
1164 674 1312 744 hoc
1362 673 1521 742 fieri
1577 676 1803 744 debet
1854 677 1934 752 in

245 771 615 864 religione
650 771 1061 857 christiana,
1113 774 1390 865 quippe
1423 776 1634 844 cuius
1667 774 1933 854 doctri-2

248 892 379 951 na,
435 884 697 961 utpote
748 864 1098 946 divinitus
1151 876 1366 946 nobis
1417 875 1692 957 oblata,
1743 876 1933 943 veri-

250 983 491 1056 tatem
506 971 859 1059 fincerarn
880 974 1032 1044 fuc'i
1058 976 1366 1044 omnino
1398 976 1721 1042 nesciam
1762 995 1933 1043 con·

251 1070 514 1139 tineat.
604 1071 821 1160 Quod
855 1094 1150 1164 quoque
1172 1077 1251 1142 in
1272 1077 1800 1168 propagatione
1823 1097 1934 1146 re-

256 1172 723 1239 formationis
753 1193 903 1240 non
934 1174 1147 1244 aliter
1165 1175 1412 1257 fuisse,
1449 1176 1771 1267 plurima
1810 1194 1928 1241 ex-

252 1270 446 1337 [tant
476 1271 949 1357 dosutnenta,
1003 1295 1142 1342 nee
1175 1275 1439 1346 desunt
1468 1275 1806 1364 exempla
1842 1275 1934 1341 ab

256 1368 558 1440 historia
609 1372 1154 1462 reformationis
1223 1376 1305 1444 in
1370 1377 1607 1465 patria
1658 1376 1938 1456 sumta3

257 1490 423 1557 quae
486 1470 543 1538 fi
609 1474 858 1539 omnia
915 1474 1346 1564 proferrem,
1402 1474 1752 1563 prolixior
1806 1473 1937 1537 fie-

251 1590 442 1654 rem,
501 1583 580 1638 et
620 1593 661 1638 a
693 1576 992 1664 proprio
1023 1578 1323 1662 incepto
1363 1573 1580 1642 facile
1616 1573 1939 1642 declina·

250 1667 438 1736 reni.
545 1671 688 1740 Illa
727 1672 955 1765 igitur
985 1674 1378 1755 sufficiant,
1423 1673 1623 1741 unde
1665 1684 1936 1763 pateat,

229 1836 232 1839 ,
257 1771 634 1858 quomodo
662 1774 1090 1841 reformatio
1115 1773 1519 1842 multifarie
1557 1772 1806 1861 adjuta
1837 1773 1941 1839 ita

250 1869 733 1961 procederet,
804 1886 888 1939 ut
934 1874 1041 1939 vis
1092 1875 1422 1941 veritatis
1486 1886 1562 1938 et
1615 1873 1941 1940 numinis

254 1971 505 2036 omnia
546 1969 927 2066 dirigentis
965 1974 1363 2042 manifesto
1398 1973 1468 2040 se
1510 1973 1936 2055 declararet.

255 2072 362 2139 Ut
410 2071 738 2160 primum
780 2094 1050 2164 nempe
1103 2077 1368 2142 notitia
1419 2074 1733 2165 purioris
1771 2074 1943 2140 ‘doc-

252 2172 469 2237 trinae
509 2171 597 2238 ad
633 2193 766 2239 nos
802 2186 1128 2256 venerat,
1183 2188 1475 2241 tantum
1507 2172 1832 2240 studium
1869 2186 1946 2238 et

254 2270 702 2341 defiderium
738 2274 933 2363 apud
972 2273 1335 2362 plurimos
1372 2273 1698 2341 melioris
1735 2272 1944 2341 indo-

251 2372 347 2439 lis
382 2373 694 2457 juvenes
731 2386 807 2439 et
844 2373 1044 2462 apud
1078 2394 1335 2442 ornnes
1373 2376 1551 2456 fere,

336 2544 709 2612 „quorum
746 2524 1051 2595 meliore
1088 2526 1248 2621 luto
1290 2525 1603 2594 finxerat
1637 2544 1944 2614 praecor-

1235 2628 1353 2695 dia
1394 2629 1679 2715 neusse
1777 2706 1784 2715 ι

134 2758 141 2763 ’
250 2775 505 2829 ortum
551 2763 702 2830 esse
741 2766 1041 2848 constat,
1096 2792 1143 2833 ι
1154 2781 1182 2832 t
1211 2768 1427 2834 multi
1468 2787 1757 2860 magnae
1798 2765 1950 2853 spei

188 2940 195 2945 ,
253 2862 767 2932 adolescentes
815 2870 1148 2933 certatim
1193 2869 1670 2957 Vitebetgam
1725 2864 1946 2953 profi-

253 2965 736 3047 ciscerentur,
795 2966 922 3032 ubi
975 2969 1180 3054 quasi
1246 2969 1333 3034 ad
1394 2976 1621 3055 pedes
1677 2965 1946 3031 Gama

252 3062 451 3128 lielis
493 3063 847 3145 sedentes,
891 3086 1141 3132 ex·ore
1179 3067 1399 3156 ipsius
1431 3066 1731 3131 [authori
1773 3084 1947 3131 con·

250 3160 444 3227 [ulta
498 3163 875 3257 religionis
928 3165 1195 3234 divinae
1273 3167 1649 3245 audirent,
1725 3176 1949 3250 atque

254 3263 351 3326 ad
403 3265 830 3354 exemplum
884 3267 1017 3332 viri
1086 3267 1311 3334 huius
1362 3264 1655 3355 magni,
1711 3263 1946 3343 sortis,

257 3376 336 3425 et
370 3361 709 3438 indefessi
742 3357 1069 3448 formati,
1112 3366 1446 3431 animum
1489 3361 1765 3428 fiducia
1803 3363 1954 3430 Dei

254 3446 540 3529 elatum
589 3464 784 3557 inter
820 3487 1076 3533 ornnes
1117 3468 1281 3533 vitae
1327 3461 1692 3559 angustias
1747 3461 1952 3528 exhi·
